<collection xmlns="http://www.loc.gov/MARC21/slim">
<record>
  <leader>00285na 0a22000971i 450 </leader>
  <controlfield tag="001">IT\ICCU\CNCE\073638</controlfield>
  <controlfield tag="005">20170223000000.0</controlfield>
  <datafield tag="100" ind1=" " ind2=" ">
    <subfield code="a">20081211             0itac0103    ba</subfield>
  </datafield>
  <datafield tag="200" ind1="1" ind2=" ">
    <subfield code="a">Storia della vendetta di Cristo</subfield>
  </datafield>
  <datafield tag="517" ind1="1" ind2=" ">
    <subfield code="3">IT\ICCU\CNCE\075126</subfield>
    <subfield code="a">Storia del re Vespasiano</subfield>
  </datafield>
  <datafield tag="801" ind1=" " ind2="3">
    <subfield code="a">IT</subfield>
    <subfield code="b">ICCU</subfield>
    <subfield code="c">20201115</subfield>
  </datafield>
</record>
</collection>
